<?xml version="1.0" encoding="UTF-8"?><collection xmlns="http://www.loc.gov/MARC21/slim"><record><leader>00576nam--2200193-i-4500</leader><controlfield tag="001">000021486</controlfield><controlfield tag="002">20161230</controlfield><controlfield tag="005">20161230201034</controlfield><controlfield tag="008">060222s1000------------r-----000-0-eng-d</controlfield><datafield ind1=" " ind2=" " tag="020"><subfield code="a">072040083X</subfield></datafield><datafield ind1=" " ind2=" " tag="040"><subfield code="a">IFIN-HH</subfield></datafield><datafield ind1=" " ind2=" " tag="080"><subfield code="a">539.163.2:539.14:543.42</subfield></datafield><datafield ind1="1" ind2=" " tag="100"><subfield code="a">Siegbahn, Kai</subfield></datafield><datafield ind1="1" ind2="0" tag="245"><subfield code="a">Alpha-, beta- and gamma-ray spectroscopy</subfield><subfield code="b">Volume 1 and 2</subfield><subfield code="c">Kai siegbahn (ed.)</subfield></datafield><datafield ind1=" " ind2=" " tag="260"><subfield code="a">Amsterdam</subfield><subfield code="b">North-holland Publishing Company</subfield><subfield code="c">1965, 1979</subfield></datafield><datafield ind1=" " ind2=" " tag="300"><subfield code="a">2 VOLUME</subfield></datafield><datafield ind1="1" ind2=" " tag="787"><subfield code="a">Volume 2</subfield><subfield code="d">1979</subfield><subfield code="h">/862p./1742p</subfield></datafield><datafield ind1=" " ind2=" " tag="852"><subfield code="a">20451</subfield><subfield code="c">539.163.2</subfield></datafield><datafield ind1=" " ind2=" " tag="CAT"><subfield code="a">Sys</subfield><subfield code="c">20130603</subfield><subfield code="h">181333</subfield></datafield></record></collection>